%YAML 1.1
%TAG !u! tag:unity3d.com,2011:
--- !u!1 &4016691986264979523
GameObject:
  m_ObjectHideFlags: 0
  m_CorrespondingSourceObject: {fileID: 0}
  m_PrefabInstance: {fileID: 0}
  m_PrefabAsset: {fileID: 0}
  serializedVersion: 6
  m_Component:
  - component: {fileID: 4016691986264979645}
  - component: {fileID: 4016691986264979522}
  - component: {fileID: 4016691986264979647}
  - component: {fileID: 4164320130120736217}
  - component: {fileID: 514775648921530693}
  - component: {fileID: 707080048710184831}
  - component: {fileID: 5586620660811115205}
  m_Layer: 0
  m_Name: ForestTrees
  m_TagString: BaseHexagon
  m_Icon: {fileID: 0}
  m_NavMeshLayer: 0
  m_StaticEditorFlags: 0
  m_IsActive: 1
--- !u!4 &4016691986264979645
Transform:
  m_ObjectHideFlags: 0
  m_CorrespondingSourceObject: {fileID: 0}
  m_PrefabInstance: {fileID: 0}
  m_PrefabAsset: {fileID: 0}
  m_GameObject: {fileID: 4016691986264979523}
  m_LocalRotation: {x: 0, y: 0, z: 0, w: 1}
  m_LocalPosition: {x: 0, y: 0, z: 0}
  m_LocalScale: {x: 1, y: 1, z: 1}
  m_Children:
  - {fileID: 8862378841519789441}
  - {fileID: 8648281831972289466}
  - {fileID: 1755704087448325182}
  m_Father: {fileID: 0}
  m_RootOrder: 0
  m_LocalEulerAnglesHint: {x: 0, y: 0, z: 0}
--- !u!23 &4016691986264979522
MeshRenderer:
  m_ObjectHideFlags: 0
  m_CorrespondingSourceObject: {fileID: 0}
  m_PrefabInstance: {fileID: 0}
  m_PrefabAsset: {fileID: 0}
  m_GameObject: {fileID: 4016691986264979523}
  m_Enabled: 1
  m_CastShadows: 1
  m_ReceiveShadows: 1
  m_DynamicOccludee: 1
  m_MotionVectors: 1
  m_LightProbeUsage: 1
  m_ReflectionProbeUsage: 1
  m_RenderingLayerMask: 1
  m_RendererPriority: 0
  m_Materials:
  - {fileID: 2100000, guid: a4725e5195d45e6449ab625761ad8a02, type: 2}
  m_StaticBatchInfo:
    firstSubMesh: 0
    subMeshCount: 0
  m_StaticBatchRoot: {fileID: 0}
  m_ProbeAnchor: {fileID: 0}
  m_LightProbeVolumeOverride: {fileID: 0}
  m_ScaleInLightmap: 1
  m_PreserveUVs: 0
  m_IgnoreNormalsForChartDetection: 0
  m_ImportantGI: 0
  m_StitchLightmapSeams: 0
  m_SelectedEditorRenderState: 3
  m_MinimumChartSize: 4
  m_AutoUVMaxDistance: 0.5
  m_AutoUVMaxAngle: 89
  m_LightmapParameters: {fileID: 0}
  m_SortingLayerID: 0
  m_SortingLayer: 0
  m_SortingOrder: 0
--- !u!33 &4016691986264979647
MeshFilter:
  m_ObjectHideFlags: 0
  m_CorrespondingSourceObject: {fileID: 0}
  m_PrefabInstance: {fileID: 0}
  m_PrefabAsset: {fileID: 0}
  m_GameObject: {fileID: 4016691986264979523}
  m_Mesh: {fileID: 4300000, guid: 39148c193469841488247c5c47bde817, type: 2}
--- !u!64 &4164320130120736217
MeshCollider:
  m_ObjectHideFlags: 0
  m_CorrespondingSourceObject: {fileID: 0}
  m_PrefabInstance: {fileID: 0}
  m_PrefabAsset: {fileID: 0}
  m_GameObject: {fileID: 4016691986264979523}
  m_Material: {fileID: 0}
  m_IsTrigger: 0
  m_Enabled: 1
  serializedVersion: 3
  m_Convex: 0
  m_CookingOptions: 14
  m_Mesh: {fileID: 0}
--- !u!114 &514775648921530693
MonoBehaviour:
  m_ObjectHideFlags: 0
  m_CorrespondingSourceObject: {fileID: 0}
  m_PrefabInstance: {fileID: 0}
  m_PrefabAsset: {fileID: 0}
  m_GameObject: {fileID: 4016691986264979523}
  m_Enabled: 1
  m_EditorHideFlags: 0
  m_Script: {fileID: 11500000, guid: bad82f73e5faf6241910b92e5a5b6e0a, type: 3}
  m_Name: 
  m_EditorClassIdentifier: 
--- !u!114 &707080048710184831
MonoBehaviour:
  m_ObjectHideFlags: 0
  m_CorrespondingSourceObject: {fileID: 0}
  m_PrefabInstance: {fileID: 0}
  m_PrefabAsset: {fileID: 0}
  m_GameObject: {fileID: 4016691986264979523}
  m_Enabled: 1
  m_EditorHideFlags: 0
  m_Script: {fileID: 11500000, guid: ba2cee08dae3ba648b9edddc33ad96f7, type: 3}
  m_Name: 
  m_EditorClassIdentifier: 
  cellObject: {fileID: 0}
  coordinates:
    x: 0
    z: 0
  chunk: {fileID: 0}
  neighbors: []
  color: {r: 0, g: 0, b: 0, a: 0}
--- !u!114 &5586620660811115205
MonoBehaviour:
  m_ObjectHideFlags: 0
  m_CorrespondingSourceObject: {fileID: 0}
  m_PrefabInstance: {fileID: 0}
  m_PrefabAsset: {fileID: 0}
  m_GameObject: {fileID: 4016691986264979523}
  m_Enabled: 1
  m_EditorHideFlags: 0
  m_Script: {fileID: 11500000, guid: 682a6a4bdb52e944d94d83e86018c6b7, type: 3}
  m_Name: 
  m_EditorClassIdentifier: 
  biome: {fileID: 0}
  color: {r: 0, g: 0, b: 0, a: 0}
--- !u!1001 &1755704087447937846
PrefabInstance:
  m_ObjectHideFlags: 0
  serializedVersion: 2
  m_Modification:
    m_TransformParent: {fileID: 4016691986264979645}
    m_Modifications:
    - target: {fileID: 191266, guid: c44bd9bdc114d4a60932c0087d9d1732, type: 3}
      propertyPath: m_Name
      value: Oak_Tree (2)
      objectReference: {fileID: 0}
    - target: {fileID: 405256, guid: c44bd9bdc114d4a60932c0087d9d1732, type: 3}
      propertyPath: m_LocalPosition.x
      value: -5.68
      objectReference: {fileID: 0}
    - target: {fileID: 405256, guid: c44bd9bdc114d4a60932c0087d9d1732, type: 3}
      propertyPath: m_LocalPosition.y
      value: 0
      objectReference: {fileID: 0}
    - target: {fileID: 405256, guid: c44bd9bdc114d4a60932c0087d9d1732, type: 3}
      propertyPath: m_LocalPosition.z
      value: -3.15
      objectReference: {fileID: 0}
    - target: {fileID: 405256, guid: c44bd9bdc114d4a60932c0087d9d1732, type: 3}
      propertyPath: m_LocalRotation.x
      value: 0.000000021855694
      objectReference: {fileID: 0}
    - target: {fileID: 405256, guid: c44bd9bdc114d4a60932c0087d9d1732, type: 3}
      propertyPath: m_LocalRotation.y
      value: -0
      objectReference: {fileID: 0}
    - target: {fileID: 405256, guid: c44bd9bdc114d4a60932c0087d9d1732, type: 3}
      propertyPath: m_LocalRotation.z
      value: -0
      objectReference: {fileID: 0}
    - target: {fileID: 405256, guid: c44bd9bdc114d4a60932c0087d9d1732, type: 3}
      propertyPath: m_LocalRotation.w
      value: 1
      objectReference: {fileID: 0}
    - target: {fileID: 405256, guid: c44bd9bdc114d4a60932c0087d9d1732, type: 3}
      propertyPath: m_RootOrder
      value: 2
      objectReference: {fileID: 0}
    - target: {fileID: 405256, guid: c44bd9bdc114d4a60932c0087d9d1732, type: 3}
      propertyPath: m_LocalEulerAnglesHint.x
      value: 0
      objectReference: {fileID: 0}
    - target: {fileID: 405256, guid: c44bd9bdc114d4a60932c0087d9d1732, type: 3}
      propertyPath: m_LocalEulerAnglesHint.y
      value: 0
      objectReference: {fileID: 0}
    - target: {fileID: 405256, guid: c44bd9bdc114d4a60932c0087d9d1732, type: 3}
      propertyPath: m_LocalEulerAnglesHint.z
      value: 0
      objectReference: {fileID: 0}
    - target: {fileID: 405256, guid: c44bd9bdc114d4a60932c0087d9d1732, type: 3}
      propertyPath: m_LocalScale.x
      value: 5
      objectReference: {fileID: 0}
    - target: {fileID: 405256, guid: c44bd9bdc114d4a60932c0087d9d1732, type: 3}
      propertyPath: m_LocalScale.y
      value: 5
      objectReference: {fileID: 0}
    - target: {fileID: 405256, guid: c44bd9bdc114d4a60932c0087d9d1732, type: 3}
      propertyPath: m_LocalScale.z
      value: 5
      objectReference: {fileID: 0}
    m_RemovedComponents: []
  m_SourcePrefab: {fileID: 100100000, guid: c44bd9bdc114d4a60932c0087d9d1732, type: 3}
--- !u!4 &1755704087448325182 stripped
Transform:
  m_CorrespondingSourceObject: {fileID: 405256, guid: c44bd9bdc114d4a60932c0087d9d1732,
    type: 3}
  m_PrefabInstance: {fileID: 1755704087447937846}
  m_PrefabAsset: {fileID: 0}
--- !u!1001 &8648281831972148402
PrefabInstance:
  m_ObjectHideFlags: 0
  serializedVersion: 2
  m_Modification:
    m_TransformParent: {fileID: 4016691986264979645}
    m_Modifications:
    - target: {fileID: 191266, guid: c44bd9bdc114d4a60932c0087d9d1732, type: 3}
      propertyPath: m_Name
      value: Oak_Tree (1)
      objectReference: {fileID: 0}
    - target: {fileID: 405256, guid: c44bd9bdc114d4a60932c0087d9d1732, type: 3}
      propertyPath: m_LocalPosition.x
      value: 5.25
      objectReference: {fileID: 0}
    - target: {fileID: 405256, guid: c44bd9bdc114d4a60932c0087d9d1732, type: 3}
      propertyPath: m_LocalPosition.y
      value: 0
      objectReference: {fileID: 0}
    - target: {fileID: 405256, guid: c44bd9bdc114d4a60932c0087d9d1732, type: 3}
      propertyPath: m_LocalPosition.z
      value: -2.99
      objectReference: {fileID: 0}
    - target: {fileID: 405256, guid: c44bd9bdc114d4a60932c0087d9d1732, type: 3}
      propertyPath: m_LocalRotation.x
      value: 0.000000021855694
      objectReference: {fileID: 0}
    - target: {fileID: 405256, guid: c44bd9bdc114d4a60932c0087d9d1732, type: 3}
      propertyPath: m_LocalRotation.y
      value: -0
      objectReference: {fileID: 0}
    - target: {fileID: 405256, guid: c44bd9bdc114d4a60932c0087d9d1732, type: 3}
      propertyPath: m_LocalRotation.z
      value: -0
      objectReference: {fileID: 0}
    - target: {fileID: 405256, guid: c44bd9bdc114d4a60932c0087d9d1732, type: 3}
      propertyPath: m_LocalRotation.w
      value: 1
      objectReference: {fileID: 0}
    - target: {fileID: 405256, guid: c44bd9bdc114d4a60932c0087d9d1732, type: 3}
      propertyPath: m_RootOrder
      value: 1
      objectReference: {fileID: 0}
    - target: {fileID: 405256, guid: c44bd9bdc114d4a60932c0087d9d1732, type: 3}
      propertyPath: m_LocalEulerAnglesHint.x
      value: 0
      objectReference: {fileID: 0}
    - target: {fileID: 405256, guid: c44bd9bdc114d4a60932c0087d9d1732, type: 3}
      propertyPath: m_LocalEulerAnglesHint.y
      value: 0
      objectReference: {fileID: 0}
    - target: {fileID: 405256, guid: c44bd9bdc114d4a60932c0087d9d1732, type: 3}
      propertyPath: m_LocalEulerAnglesHint.z
      value: 0
      objectReference: {fileID: 0}
    - target: {fileID: 405256, guid: c44bd9bdc114d4a60932c0087d9d1732, type: 3}
      propertyPath: m_LocalScale.x
      value: 5
      objectReference: {fileID: 0}
    - target: {fileID: 405256, guid: c44bd9bdc114d4a60932c0087d9d1732, type: 3}
      propertyPath: m_LocalScale.y
      value: 5
      objectReference: {fileID: 0}
    - target: {fileID: 405256, guid: c44bd9bdc114d4a60932c0087d9d1732, type: 3}
      propertyPath: m_LocalScale.z
      value: 5
      objectReference: {fileID: 0}
    m_RemovedComponents: []
  m_SourcePrefab: {fileID: 100100000, guid: c44bd9bdc114d4a60932c0087d9d1732, type: 3}
--- !u!4 &8648281831972289466 stripped
Transform:
  m_CorrespondingSourceObject: {fileID: 405256, guid: c44bd9bdc114d4a60932c0087d9d1732,
    type: 3}
  m_PrefabInstance: {fileID: 8648281831972148402}
  m_PrefabAsset: {fileID: 0}
--- !u!1001 &8862378841520192137
PrefabInstance:
  m_ObjectHideFlags: 0
  serializedVersion: 2
  m_Modification:
    m_TransformParent: {fileID: 4016691986264979645}
    m_Modifications:
    - target: {fileID: 191266, guid: c44bd9bdc114d4a60932c0087d9d1732, type: 3}
      propertyPath: m_Name
      value: Oak_Tree
      objectReference: {fileID: 0}
    - target: {fileID: 405256, guid: c44bd9bdc114d4a60932c0087d9d1732, type: 3}
      propertyPath: m_LocalPosition.x
      value: -0.3
      objectReference: {fileID: 0}
    - target: {fileID: 405256, guid: c44bd9bdc114d4a60932c0087d9d1732, type: 3}
      propertyPath: m_LocalPosition.y
      value: 0
      objectReference: {fileID: 0}
    - target: {fileID: 405256, guid: c44bd9bdc114d4a60932c0087d9d1732, type: 3}
      propertyPath: m_LocalPosition.z
      value: 5.58
      objectReference: {fileID: 0}
    - target: {fileID: 405256, guid: c44bd9bdc114d4a60932c0087d9d1732, type: 3}
      propertyPath: m_LocalRotation.x
      value: 0.000000021855694
      objectReference: {fileID: 0}
    - target: {fileID: 405256, guid: c44bd9bdc114d4a60932c0087d9d1732, type: 3}
      propertyPath: m_LocalRotation.y
      value: 0
      objectReference: {fileID: 0}
    - target: {fileID: 405256, guid: c44bd9bdc114d4a60932c0087d9d1732, type: 3}
      propertyPath: m_LocalRotation.z
      value: -0
      objectReference: {fileID: 0}
    - target: {fileID: 405256, guid: c44bd9bdc114d4a60932c0087d9d1732, type: 3}
      propertyPath: m_LocalRotation.w
      value: 1
      objectReference: {fileID: 0}
    - target: {fileID: 405256, guid: c44bd9bdc114d4a60932c0087d9d1732, type: 3}
      propertyPath: m_RootOrder
      value: 0
      objectReference: {fileID: 0}
    - target: {fileID: 405256, guid: c44bd9bdc114d4a60932c0087d9d1732, type: 3}
      propertyPath: m_LocalEulerAnglesHint.x
      value: 0
      objectReference: {fileID: 0}
    - target: {fileID: 405256, guid: c44bd9bdc114d4a60932c0087d9d1732, type: 3}
      propertyPath: m_LocalEulerAnglesHint.y
      value: 0
      objectReference: {fileID: 0}
    - target: {fileID: 405256, guid: c44bd9bdc114d4a60932c0087d9d1732, type: 3}
      propertyPath: m_LocalEulerAnglesHint.z
      value: 0
      objectReference: {fileID: 0}
    - target: {fileID: 405256, guid: c44bd9bdc114d4a60932c0087d9d1732, type: 3}
      propertyPath: m_LocalScale.x
      value: 5
      objectReference: {fileID: 0}
    - target: {fileID: 405256, guid: c44bd9bdc114d4a60932c0087d9d1732, type: 3}
      propertyPath: m_LocalScale.y
      value: 5
      objectReference: {fileID: 0}
    - target: {fileID: 405256, guid: c44bd9bdc114d4a60932c0087d9d1732, type: 3}
      propertyPath: m_LocalScale.z
      value: 5
      objectReference: {fileID: 0}
    m_RemovedComponents: []
  m_SourcePrefab: {fileID: 100100000, guid: c44bd9bdc114d4a60932c0087d9d1732, type: 3}
--- !u!4 &8862378841519789441 stripped
Transform:
  m_CorrespondingSourceObject: {fileID: 405256, guid: c44bd9bdc114d4a60932c0087d9d1732,
    type: 3}
  m_PrefabInstance: {fileID: 8862378841520192137}
  m_PrefabAsset: {fileID: 0}
